@misc{xu2018realworld,
      title={Real-world Noisy Image Denoising: A New Benchmark}, 
      author={Jun Xu and Hui Li and Zhetong Liang and David Zhang and Lei Zhang},
      year={2018},
      eprint={1804.02603},
      archivePrefix={arXiv},
      primaryClass={cs.CV}
}

@inproceedings{Nam16CVPR,
    author = {S. Nam and Y. Hwang and Y. Matsushita and S. J. Kim},
    title = {A Holistic Approach to Cross-Channel Image Noise Modeling and its Application to Image Denoising},
    booktitle = {Proc. IEEE Conference on Computer Vision and Pattern Recognition},
    year = {2016},
}

@article{renoir2018,
   title={RENOIR – A dataset for real low-light image noise reduction},
   volume={51},
   ISSN={1047-3203},
   url={http://dx.doi.org/10.1016/j.jvcir.2018.01.012},
   DOI={10.1016/j.jvcir.2018.01.012},
   journal={Journal of Visual Communication and Image Representation},
   publisher={Elsevier BV},
   author={Anaya, Josue and Barbu, Adrian},
   year={2018},
   month={Feb},
   pages={144–154}
}

@inproceedings{gaussian,
    author = {Shipitko, Oleg and Grigoryev, Anton},
    year = {2018},
    month = {06},
    pages = {},
    title = {Gaussian filtering for FPGA based image processing with High-Level Synthesis tools}
}

@article{ali2017soft,
  title={Soft bilateral filtering volumetric shadows using cube shadow maps},
  author={Ali, Hatam H and Sunar, Mohd Shahrizal and Kolivand, Hoshang},
  journal={PloS one},
  volume={12},
  number={6},
  pages={e0178415},
  year={2017},
  publisher={Public Library of Science San Francisco, CA USA}
}

@misc{youtubeMaier,
    title = {Interventional Medical Image Processing \text{(IMIP 2016)} - Lecture 6},
    year = {2016},
    howpublished = "\url{https://www.youtube.com/watch?v=TgGb4_KncTA}",
    organization = {Youtube},
    author = {Andreas Maier},
    note = "[Daring; Diakses pada 4 Desember 2021]"
}

@misc{he2015fast,
      title={Fast Guided Filter}, 
      author={Kaiming He and Jian Sun},
      year={2015},
      eprint={1505.00996},
      archivePrefix={arXiv},
      primaryClass={cs.CV}
}

@ARTICLE{guidedFilter,  author={He, Kaiming and Sun, Jian and Tang, Xiaoou},  journal={IEEE Transactions on Pattern Analysis and Machine Intelligence},   title={Guided Image Filtering},   year={2013},  volume={35},  number={6},  pages={1397-1409},  doi={10.1109/TPAMI.2012.213}}

@article{buades2011non,
  title={Non-local means denoising},
  author={Buades, Antoni and Coll, Bartomeu and Morel, Jean-Michel},
  journal={Image Processing On Line},
  volume={1},
  pages={208--212},
  year={2011}
}

@misc{deepl2021,
author = {Mohsen, Zeyad and Wageeh, Mohamed and Hegazy, Mohamed},
year = {2021},
month = {02},
pages = {},
title = {Autonomous Navigation in Dynamic Environments: Deep Learning-Based Approach}
}

@misc{wang2018nonlocal,
      title={Non-local Neural Networks}, 
      author={Xiaolong Wang and Ross Girshick and Abhinav Gupta and Kaiming He},
      year={2018},
      eprint={1711.07971},
      archivePrefix={arXiv},
      primaryClass={cs.CV}
}
@misc{zhang2019selfattention,
      title={Self-Attention Generative Adversarial Networks}, 
      author={Han Zhang and Ian Goodfellow and Dimitris Metaxas and Augustus Odena},
      year={2019},
      eprint={1805.08318},
      archivePrefix={arXiv},
      primaryClass={stat.ML}
}

@misc{dosovitskiy2021image,
      title={An Image is Worth 16x16 Words: Transformers for Image Recognition at Scale}, 
      author={Alexey Dosovitskiy and Lucas Beyer and Alexander Kolesnikov and Dirk Weissenborn and Xiaohua Zhai and Thomas Unterthiner and Mostafa Dehghani and Matthias Minderer and Georg Heigold and Sylvain Gelly and Jakob Uszkoreit and Neil Houlsby},
      year={2021},
      eprint={2010.11929},
      archivePrefix={arXiv},
      primaryClass={cs.CV}
}

@misc{vaswani2017attention,
      title={Attention Is All You Need}, 
      author={Ashish Vaswani and Noam Shazeer and Niki Parmar and Jakob Uszkoreit and Llion Jones and Aidan N. Gomez and Lukasz Kaiser and Illia Polosukhin},
      year={2017},
      eprint={1706.03762},
      archivePrefix={arXiv},
      primaryClass={cs.CL}
}

@misc{zamir2021restormer,
      title={Restormer: Efficient Transformer for High-Resolution Image Restoration}, 
      author={Syed Waqas Zamir and Aditya Arora and Salman Khan and Munawar Hayat and Fahad Shahbaz Khan and Ming-Hsuan Yang},
      year={2021},
      eprint={2111.09881},
      archivePrefix={arXiv},
      primaryClass={cs.CV}
}

@misc{wang2021uformer,
      title={Uformer: A General U-Shaped Transformer for Image Restoration}, 
      author={Zhendong Wang and Xiaodong Cun and Jianmin Bao and Wengang Zhou and Jianzhuang Liu and Houqiang Li},
      year={2021},
      eprint={2106.03106},
      archivePrefix={arXiv},
      primaryClass={cs.CV}
}